<?xml version="1.0" encoding="UTF-8"?><record xmlns="http://www.loc.gov/MARC21/slim" xmlns:cinclude="http://apache.org/cocoon/include/1.0" xmlns:zs="http://www.loc.gov/zing/srw/">
  <leader>00531cz  a2200145n  4500</leader>
  <controlfield tag="001">nb2003013449</controlfield>
  <controlfield tag="003">DLC</controlfield>
  <controlfield tag="005">20150430170512.0</controlfield>
  <controlfield tag="008">030122n| azannaabn          |n aaa      </controlfield>
  <datafield tag="010" ind1=" " ind2=" ">
    <subfield code="a">nb2003013449</subfield>
  </datafield>
  <datafield tag="040" ind1=" " ind2=" ">
    <subfield code="a">Uk</subfield>
    <subfield code="b">eng</subfield>
    <subfield code="e">rda</subfield>
    <subfield code="c">Uk</subfield>
    <subfield code="d">DLC</subfield>
  </datafield>
  <datafield tag="100" ind1="1" ind2=" ">
    <subfield code="a">Halarnkar, Samar</subfield>
  </datafield>
  <datafield tag="375" ind1=" " ind2=" ">
    <subfield code="a">male</subfield>
  </datafield>
  <datafield tag="670" ind1=" " ind2=" ">
    <subfield code="a">Nirvana under the tree, c2002:</subfield>
    <subfield code="b">t.p. (Samar Halarnkar) jkt. (born in Kolar Gold Fields, M.A. from Uni. of Missouri-Columbia)</subfield>
  </datafield>
  <datafield tag="670" ind1=" " ind2=" ">
    <subfield code="a">The married man's guide to creative cooking and other dubious adventures, 2013:</subfield>
    <subfield code="b">t.p. (Samar Halarnkar)</subfield>
  </datafield>
</record>